@book{geron2019hands,
  title={Hands-on machine learning with Scikit-Learn, Keras, and TensorFlow: Concepts, tools, and techniques to build intelligent systems},
  author={G{\'e}ron, Aur{\'e}lien},
  year={2019},
  publisher={O'Reilly Media}
}

@article{singh2012survey,
  title={A survey of OCR applications},
  author={Singh, Amarjot and Bacchuwar, Ketan and Bhasin, Akshay},
  journal={International Journal of Machine Learning and Computing},
  volume={2},
  number={3},
  pages={314},
  year={2012},
  publisher={IACSIT Press}
}

@misc{OCRintro,
	title = {A gentle introduction to OCR},
	howpublished = {https://towardsdatascience.com/a-gentle-introduction-to-ocr-ee1469a201aa},
	year = {2018}
}

@misc{kaggle,
	title = {Kaggle database},
	howpublished = {https://www.kaggle.com},
	year = {2021}
}

@misc{TFG,
	title = {TFG Francesc Aguirre, project tracking and code},
	howpublished = {https://github.com/cesc1/TFG},
	year = {2021},
	note = {Github de l'autor per a fer el seguiment del treball.}
}