@book{geron2019hands,
  title={Hands-on machine learning with Scikit-Learn, Keras, and TensorFlow: Concepts, tools, and techniques to build intelligent systems},
  author={G{\'e}ron, Aur{\'e}lien},
  year={2019},
  publisher={O'Reilly Media}
}

@incollection{chaudhuri2017optical,
  title={Optical character recognition systems},
  author={Chaudhuri, Arindam and Mandaviya, Krupa and Badelia, Pratixa and Ghosh, Soumya K},
  booktitle={Optical Character Recognition Systems for Different Languages with Soft Computing},
  pages={9--41},
  year={2017},
  publisher={Springer}
}

@misc{kaggle,
	title = {Kaggle database},
	howpublished = {https://www.kaggle.com},
	year = {2021}
}

@misc{TFG,
	title = {TFG Francesc Aguirre, project tracking and code},
	howpublished = {https://github.com/cesc1/TFG},
	year = {2021},
	note = {Github de l'autor per a fer el seguiment del treball.}
}

@article{martinek2020building,
  title={Building an efficient OCR system for historical documents with little training data},
  author={Mart{\'\i}nek, Ji{\v{r}}{\'\i} and Lenc, Ladislav and Kr{\'a}l, Pavel},
  journal={Neural Computing and Applications},
  volume={32},
  number={23},
  pages={17209--17227},
  year={2020},
  publisher={Springer}
}
